[gd_scene load_steps=12 format=2]

[ext_resource path="res://models/button/button.dae" type="PackedScene" id=1]
[ext_resource path="res://models/button/button.gd" type="Script" id=2]
[ext_resource path="res://OpenDyslexic_Bold.ttf" type="DynamicFontData" id=3]

[sub_resource type="GDScript" id=1]

script/source = "extends Spatial

var text = \"Button\" setget set_text
export(bool) var toggle = false

var bmo
var vt
var pressed = false

func _init():
	add_user_signal(\"pressed\")

func set_text(_text):
	text = _text
	$Viewport/Label.text = text
	bmo = SpatialMaterial.new()
	bmo.albedo_texture = $Sprite.texture
	bmo.metallic = 0
	bmo.metallic_specular = 0.2
	bmo.roughness = 0.5
	$button.set_surface_material(0, bmo)

func pressed():
	emit_signal(\"pressed\")
	if toggle:
		if pressed:
			$AnimationPlayer.play(\"unpress\")
		else:
			$AnimationPlayer.play(\"press\")
		pressed = not pressed
	else:
		$AnimationPlayer.play(\"tap\")"

[sub_resource type="SpatialMaterial" id=2]

render_priority = 0
flags_transparent = false
flags_unshaded = false
flags_vertex_lighting = false
flags_no_depth_test = false
flags_use_point_size = false
flags_world_triplanar = false
flags_fixed_size = false
flags_albedo_tex_force_srgb = false
vertex_color_use_as_albedo = false
vertex_color_is_srgb = false
params_diffuse_mode = 0
params_specular_mode = 0
params_blend_mode = 0
params_cull_mode = 0
params_depth_draw_mode = 0
params_line_width = 1.0
params_point_size = 1.0
params_billboard_mode = 0
params_grow = false
params_use_alpha_scissor = false
albedo_color = Color( 0.160156, 0.160156, 0.160156, 1 )
metallic = 1.0
metallic_specular = 1.0
metallic_texture_channel = 0
roughness = 0.0
roughness_texture_channel = 0
emission_enabled = false
normal_enabled = false
rim_enabled = false
clearcoat_enabled = false
anisotropy_enabled = false
ao_enabled = false
depth_enabled = false
subsurf_scatter_enabled = false
transmission_enabled = false
refraction_enabled = false
detail_enabled = false
uv1_scale = Vector3( 1, 1, 1 )
uv1_offset = Vector3( 0, 0, 0 )
uv1_triplanar = false
uv1_triplanar_sharpness = 1.0
uv2_scale = Vector3( 1, 1, 1 )
uv2_offset = Vector3( 0, 0, 0 )
uv2_triplanar = false
uv2_triplanar_sharpness = 1.0
proximity_fade_enable = false
distance_fade_enable = false

[sub_resource type="GDScript" id=3]

script/source = "extends MeshInstance


func _ready():
	# Called every time the node is added to the scene.
	# Initialization here
	pass

#func _process(delta):
#	# Called every frame. Delta is time since last frame.
#	# Update game logic here.
#	pass
"

[sub_resource type="Animation" id=4]

length = 0.1
loop = false
step = 0.1
tracks/0/type = "value"
tracks/0/path = NodePath("button:scale")
tracks/0/interp = 1
tracks/0/loop_wrap = true
tracks/0/imported = false
tracks/0/enabled = true
tracks/0/keys = {
"times": PoolRealArray( 0, 0.1 ),
"transitions": PoolRealArray( 1, 1 ),
"update": 0,
"values": [ Vector3( 0.5, 0.5, 0.183354 ), Vector3( 0.5, 0.5, 0.001 ) ]
}
tracks/1/type = "value"
tracks/1/path = NodePath("Viewport/ColorRect:color")
tracks/1/interp = 1
tracks/1/loop_wrap = true
tracks/1/imported = false
tracks/1/enabled = true
tracks/1/keys = {
"times": PoolRealArray( 0, 0.1 ),
"transitions": PoolRealArray( 1, 1 ),
"update": 0,
"values": [ Color( 0, 0.501961, 1, 1 ), Color( 0, 1, 0.501961, 1 ) ]
}

[sub_resource type="Animation" id=5]

length = 0.2
loop = false
step = 0.1
tracks/0/type = "value"
tracks/0/path = NodePath("button:scale")
tracks/0/interp = 1
tracks/0/loop_wrap = true
tracks/0/imported = false
tracks/0/enabled = true
tracks/0/keys = {
"times": PoolRealArray( 0, 0.1, 0.2 ),
"transitions": PoolRealArray( 1, 1, 1 ),
"update": 0,
"values": [ Vector3( 0.5, 0.5, 0.183354 ), Vector3( 0.5, 0.5, 0.01 ), Vector3( 0.5, 0.5, 0.183354 ) ]
}

[sub_resource type="Animation" id=6]

length = 0.1
loop = false
step = 0.1
tracks/0/type = "value"
tracks/0/path = NodePath("button:scale")
tracks/0/interp = 1
tracks/0/loop_wrap = true
tracks/0/imported = false
tracks/0/enabled = true
tracks/0/keys = {
"times": PoolRealArray( 0, 0.1 ),
"transitions": PoolRealArray( 1, 1 ),
"update": 0,
"values": [ Vector3( 0.5, 0.5, 0.001 ), Vector3( 0.5, 0.5, 0.183354 ) ]
}
tracks/1/type = "value"
tracks/1/path = NodePath("Viewport/ColorRect:color")
tracks/1/interp = 1
tracks/1/loop_wrap = true
tracks/1/imported = false
tracks/1/enabled = true
tracks/1/keys = {
"times": PoolRealArray( 0, 0.1 ),
"transitions": PoolRealArray( 1, 1 ),
"update": 0,
"values": [ Color( 0, 1, 0.501961, 1 ), Color( 0, 0.501961, 1, 1 ) ]
}

[sub_resource type="DynamicFont" id=7]

size = 48
use_mipmaps = true
use_filter = true
font_data = ExtResource( 3 )
_sections_unfolded = [ "Font" ]

[sub_resource type="ViewportTexture" id=8]

resource_local_to_scene = true
flags = 0
viewport_path = NodePath("Viewport")

[node name="button" index="0" instance=ExtResource( 1 )]

script = SubResource( 1 )
toggle = false

[node name="back" parent="." index="0"]

material/0 = SubResource( 2 )
_sections_unfolded = [ "material" ]

[node name="col" parent="back" index="0" groups=[
"pressable",
]]

script = ExtResource( 2 )

[node name="button" parent="." index="1"]

transform = Transform( -0.5, 0, -7.14007e-08, 0, 0.5, 0, 1.94707e-07, 0, -0.183354, 0, 0, 0 )
script = SubResource( 3 )
_sections_unfolded = [ "Transform", "material" ]

[node name="col" parent="button" index="0" groups=[
"pressable",
]]

script = ExtResource( 2 )

[node name="AnimationPlayer" parent="." index="2"]

anims/press = SubResource( 4 )
anims/tap = SubResource( 5 )
anims/unpress = SubResource( 6 )

[node name="Viewport" type="Viewport" parent="." index="3"]

arvr = false
size = Vector2( 300, 300 )
own_world = false
world = null
transparent_bg = false
msaa = 0
hdr = false
disable_3d = false
usage = 0
debug_draw = 0
render_target_v_flip = true
render_target_clear_mode = 0
render_target_update_mode = 2
audio_listener_enable_2d = false
audio_listener_enable_3d = false
physics_object_picking = false
gui_disable_input = false
gui_snap_controls_to_pixels = true
shadow_atlas_size = 0
shadow_atlas_quad_0 = 2
shadow_atlas_quad_1 = 2
shadow_atlas_quad_2 = 3
shadow_atlas_quad_3 = 4

[node name="ColorRect" type="ColorRect" parent="Viewport" index="0"]

anchor_left = 0.0
anchor_top = 0.0
anchor_right = 0.0
anchor_bottom = 0.0
margin_right = 300.0
margin_bottom = 300.0
rect_pivot_offset = Vector2( 0, 0 )
rect_clip_content = false
mouse_filter = 0
mouse_default_cursor_shape = 0
size_flags_horizontal = 1
size_flags_vertical = 1
color = Color( 0, 0.501961, 1, 1 )
_sections_unfolded = [ "Rect" ]

[node name="Label" type="Label" parent="Viewport" index="1"]

anchor_left = 0.0
anchor_top = 0.0
anchor_right = 0.0
anchor_bottom = 0.0
margin_right = 300.0
margin_bottom = 300.0
rect_pivot_offset = Vector2( 0, 0 )
rect_clip_content = false
mouse_filter = 2
mouse_default_cursor_shape = 0
size_flags_horizontal = 1
size_flags_vertical = 4
custom_fonts/font = SubResource( 7 )
custom_colors/font_color = Color( 0, 0, 0, 1 )
text = "Button"
align = 1
valign = 1
percent_visible = 1.0
lines_skipped = 0
max_lines_visible = -1
_sections_unfolded = [ "Rect" ]

[node name="Sprite" type="Sprite" parent="." index="4"]

visible = false
texture = SubResource( 8 )


